@ARTICLE{Ricardo2015,
  AUTHOR =       {Ricardo Rangel and Ivan Maza and Fernando Caballero and Anibal Ollero},
  TITLE =        {Plataforma para el Aterrizaje y el Intercambio de Baterías Automático para un UAV de tipo VTOL},
  JOURNAL =      {Actas de las XXXVI Jornadas de Automática, Bilbao, comité Español de Automática de la IFAC (CEA-IFAC) },
  YEAR =         {2015},
  pages =        {338-344},
}

@MASTERSTHESIS{Fadri2011,
	author={Fadri Furrer},
    title= {{Desingn and Implementation of a Docking Station for Mocro-Helicopters}},
    school={Swiss Federal Institute of Technology Zurich},
    address={Suiza},
    year={2011},}

@ARTICLE{Katsuya2013,
  AUTHOR =       {Katsuya Fujii and Keita Higuchi and Jun Rekimoto},
  TITLE =        {Endless Flyer: A Continuous Flying Drone with Automatic Battery Replacement},
  JOURNAL =      {IEEE 10th International Conference on Ubiquitous Intelligence and Computing},
  YEAR =         {2013},
  pages =        {216-223},
}

@BOOK{L1,
    author    = "Pedro Castillo and Rogelio Lozano and Alejandro E. Dzul",
    title     = "Modelling and control of mini-flying machines",
    publisher = "Springer-Verlag",
    year      = "2005",
}

@MASTERSTHESIS{zzzzzzzzTesina,
	author={Andreu Berna Ferri},
    title= {{Desarrollo de una plataforma de tiempo real para la implementación de algoritmos de control multivariables: Ampliación al control de orientación de
veh´ıculos aéreos}},
    school={Universidad de Politécnica de Valencia},
    year={2010},}

@MASTERSTHESIS{Yair2015,
	author={Yair Lozano Hernández},
    title= {{Diseño y construcción de un helicóptero de cuatro rotores para monitoreo aéreo}},
    school={Unidad Profesional Interdisciplinaria en Ingeniería y Tecnologías Avanzadas, IPN},
    address={México},
    year={2015},}

@ARTICLE{A15,
AUTHOR="L. Acosta and J. Toledo and G.N. Marichal",
TITLE="Diseño e implementación de una maqueta de un
helicópter de 4 rotores para un laboratorio de
control",
JOURNAL="XXV Jornadas de automática",
VOLUME= "Ciudad Real,",
YEAR=2004
}

@phdthesis{2,
	author={Michael J. Stepaniak},
    title= {{A quadrotor sensor platform}},
    school={College of Engineering and Technology of Ohio University},
    year={2008},}


@article{sullivan2006evolution,
  title={Evolution or revolution? The rise of UAVs},
  author={Sullivan, Jeffrey M},
  journal={IEEE Technology and Society Magazine},
  volume={25},
  number={3},
  pages={43--49},
  year={2006},
  publisher={IEEE}
}

@inproceedings{gamble2010automated,
  title={Automated dynamic propeller testing at low Reynolds numbers},
  author={Gamble, Dustin and Arena, Andrew},
  booktitle={48th AIAA Aerospace Sciences Meeting Including the New Horizons Forum and Aerospace Exposition},
  pages={853},
  year={2010}
}

@inproceedings{cook2007silent,
  title={The silent force multiplier: the history and role of UAVs in warfare},
  author={Cook, Kendra LB},
  booktitle={2007 IEEE Aerospace Conference},
  pages={1--7},
  year={2007},
  organization={IEEE}
}

@ELECTRONIC{draganflyINT,
  title = "A short history of unmanned aerial vehicules (UAVs)",
  url = "http://www.draganfly.com/blog/a-short-history-of-unmanned-aerial-vehicles-uavs/",
  note = "http://www.draganfly.com/blog/a-short-history-of-unmanned-aerial \\ -vehicles-uavs/. Accessed: 2017-01-17"
}


@article{nonami2007prospect,
  title={Prospect and recent research \& development for civil use autonomous unmanned aircraft as UAV and MAV},
  author={Nonami, Kenzo},
  journal={Journal of system Design and Dynamics},
  volume={1},
  number={2},
  pages={120--128},
  year={2007},
  publisher={The Japan Society of Mechanical Engineers}
}

@MASTERSTHESIS{zzzz1,
	author={David Melero Cazorla},
    title= {{Modelado dinámico y diseño de estrategia
de control mediante estimadores para el
vuelo autónomo de un quadrotor.}},
    school={Universidad de Almeria},
    year={2012},}

@ARTICLE{Kurt2010,
AUTHOR="Kurt A. Swieringa and Clarence B. Hanson and Johnheri R. Richardson and Jonathan D. White and White Hasan and Elizabeth Qian and Anouck Girard",
TITLE="Autonomous Battery Swapping System for Small-Scale Helicopters",
JOURNAL="IEEE International Conference on Robotics and Automation",
pages ={3335-3340},
YEAR=2010
}

@ARTICLE{A24,
AUTHOR="Pedro Castillo and Alejandro Dzul and Rogelio Lozano",
TITLE="Real-time stabilization and tracking of a
four-rotor mini rotorcraft",
JOURNAL="IEEE Transactions on control systems technology",
VOLUME= "VOL. 12",
YEAR=2004
}

@ARTICLE{Holger2010,
AUTHOR="Holger Voss and Haitham Bou Ammar",
TITLE="Nonlinear Tracking and Landing Controller for Quadrotor Aerial Robots",
JOURNAL="IEEE International Conference on Control Applications, Yokohama, Japan",
pages ={2136-2141},
YEAR=2010
}

@phdthesis{mulgaonkar2012automated,
  title={Automated recharging for persistence missions with multiple micro aerial vehicles},
  author={Mulgaonkar, Yash},
  year={2012},
  school={University of Pennsylvania}
}



@ARTICLE{Lyapunov1893,
  AUTHOR =       {A. M. Lyapunov},
  TITLE =        {Probl\`{e}me g\'{e}n\'{e}ral de la stabilit\'{e} du mouvement},
  JOURNAL =      {Ann. Fac. Sci Univ. Toulouse Sci. Math. Sci. Phys. },
  YEAR =         {1907:Original paper publised in 1893 in Commnun. Soc. Math. Kharkow, 1893: reprinted as vol.
   17 in Annals of Math studies., Princeton University Press, Princenton N. J.,1949},
  volume =       {9},
  pages =        {203-474},

}


@BOOK{HKhalil,
    author    = "Hassan K. Khalil",
    title     = "Nonlinear systems",
    publisher = "Prentice Hall",
    year      = "2002",
}

@MASTERSTHESIS{RubenAP,
	author={Ruben Amezcua Paredes and Abimael G. Pineda Salgado},
    title= {{Sistema de referencia inercial: Analisis de funcionamiento y evolución}},
    school={Escuela Superior de Ingenieria Mecanica y Electrica, IPN},
    year={Enero,2012},}

@article{gonzalezdiseno,
  title={DISE{\~N}O DEL SISTEMA DE CONTROL DE UN UAV DE ALA FIJA PARA VUELO AUT{\'O}NOMO EN EXTERIORES},
  author={Gonz{\'a}lez L{\'o}pez, Miguel}
}


@MASTERSTHESIS{CarlosPO,
	author={Carlos Peña Ordóñez},
    title= {{Estudio de baterías para vehículos eléctricos}},
    school={Universidad Carlos III de Madrid},
    year={Mayo,2011},}


@article{rao2003battery,
  title={Battery modeling for energy aware system design},
  author={Rao, Ravishankar and Vrudhula, Sarma and Rakhmatov, Daler N},
  journal={Computer},
  volume={36},
  number={12},
  pages={77--87},
  year={2003},
  publisher={IEEE}
}

@inproceedings{ceylan2014novel,
  title={A novel Lithium-Ion-Polymer battery model for hybrid/electric vehicles},
  author={Ceylan, Murat and Sar{\i}kurt, T{\"u}rev and Bal{\i}k{\c{c}}{\i}, Abdulkadir},
  booktitle={2014 IEEE 23rd International Symposium on Industrial Electronics (ISIE)},
  pages={366--369},
  year={2014},
  organization={IEEE}
}

@inproceedings{castillo2016saturated,
  title={Saturated super-twisting algorithm: Lyapunov based approach},
  author={Castillo, Ismael and Steinberger, Martin and Fridman, Leonid and Moreno, Jaime A and Horn, Martin},
  booktitle={2016 14th International Workshop on Variable Structure Systems (VSS)},
  pages={269--273},
  year={2016},
  organization={IEEE}
}
